@book{9780205083770,
  Author = {Robert E. Simpson},
  Title = {Introductory Electronics for Scientists and Engineers},
  Publisher = {Addison-Wesley},
  Year = {1987},
  ISBN = {0205083773},
  URL = {https://www.amazon.com/Introductory-Electronics-Scientists-Engineers-Simpson/dp/0205083773?SubscriptionId=AKIAIOBINVZYXZQZ2U3A&tag=chimbori05-20&linkCode=xm2&camp=2025&creative=165953&creativeASIN=0205083773}
}